<collection xmlns="http://www.loc.gov/MARC21/slim">
<record>
  <leader>01431nam0a2200289 i 450 </leader>
  <controlfield tag="001">IT\ICCU\CNCE\012019</controlfield>
  <controlfield tag="005">20050704000000.0</controlfield>
  <datafield tag="100" ind1=" " ind2=" ">
    <subfield code="a">19970101d1593        0itac0103    ba</subfield>
  </datafield>
  <datafield tag="101" ind1=" " ind2=" ">
    <subfield code="a">GRE</subfield>
  </datafield>
  <datafield tag="102" ind1=" " ind2=" ">
    <subfield code="a">IT</subfield>
  </datafield>
  <datafield tag="200" ind1="1" ind2=" ">
    <subfield code="a">Anthologion tou holou eniautou  plousiotaton</subfield>
  </datafield>
  <datafield tag="210" ind1=" " ind2=" ">
    <subfield code="a">\Venezia</subfield>
    <subfield code="c">Pietro Zanetti!</subfield>
    <subfield code="d">1593</subfield>
    <subfield code="e">Enetiesin</subfield>
    <subfield code="g">para Petrou</subfield>
    <subfield code="h">yiou tou potai Christophorou tou Tzanetou</subfield>
    <subfield code="h">epimeleia de kai epidiorthosei</subfield>
    <subfield code="h">Georgiou iereos Blastou kretos tou eponomazomenou Pougnaletou</subfield>
    <subfield code="h">1594</subfield>
  </datafield>
  <datafield tag="215" ind1=" " ind2=" ">
    <subfield code="a">312 p.</subfield>
    <subfield code="c">ill.</subfield>
    <subfield code="d">fol</subfield>
  </datafield>
  <datafield tag="300" ind1=" " ind2=" ">
    <subfield code="a">Paginazione in caratteri greci</subfield>
  </datafield>
  <datafield tag="500" ind1="1" ind2="0">
    <subfield code="3">IT\ICCU\CNCE\037234</subfield>
    <subfield code="a">Anthologium &lt;Rito greco&gt;</subfield>
  </datafield>
  <datafield tag="620" ind1=" " ind2=" ">
    <subfield code="a">IT</subfield>
    <subfield code="d">Venezia</subfield>
  </datafield>
  <datafield tag="710" ind1="0" ind2="2">
    <subfield code="a">Chiesa cattolica</subfield>
    <subfield code="3">6731</subfield>
  </datafield>
  <datafield tag="712" ind1="0" ind2="0">
    <subfield code="a">Zanetti, Pietro</subfield>
    <subfield code="3">IT\ICCU\CNCT\001482</subfield>
    <subfield code="4">650</subfield>
  </datafield>
  <datafield tag="712" ind1="0" ind2="0">
    <subfield code="a">Blastos, Georgios</subfield>
    <subfield code="3">IT\ICCU\CNCT\001475</subfield>
    <subfield code="4">650</subfield>
  </datafield>
  <datafield tag="791" ind1="0" ind2="0">
    <subfield code="a">Tzanetos, Petros</subfield>
    <subfield code="3">IT\ICCU\CNCT\005804</subfield>
    <subfield code="z">Zanetti, Pietro</subfield>
  </datafield>
  <datafield tag="791" ind1="0" ind2="0">
    <subfield code="a">Vlastos, Georgios</subfield>
    <subfield code="3">IT\ICCU\CNCT\003046</subfield>
    <subfield code="z">Blastos, Georgios</subfield>
  </datafield>
  <datafield tag="801" ind1=" " ind2="3">
    <subfield code="a">IT</subfield>
    <subfield code="b">ICCU</subfield>
    <subfield code="c">20201113</subfield>
  </datafield>
  <datafield tag="899" ind1=" " ind2=" ">
    <subfield code="a">Biblioteca nazionale Vittorio Emanuele III. Napoli</subfield>
    <subfield code="1">NA0079</subfield>
    <subfield code="2">NAP BN</subfield>
  </datafield>
  <datafield tag="911" ind1=" " ind2=" ">
    <subfield code="a">Sul front.</subfield>
    <subfield code="9">IT\ICCU\CNCM\001489</subfield>
  </datafield>
  <datafield tag="911" ind1=" " ind2=" ">
    <subfield code="a">Nel coloph.</subfield>
    <subfield code="9">IT\ICCU\CNCM\001490</subfield>
  </datafield>
  <datafield tag="921" ind1=" " ind2=" ">
    <subfield code="a">IT\ICCU\CNCM\001489</subfield>
    <subfield code="b">Tre lance in palo unite da un nastro. Nella cornice del frontespizio.</subfield>
    <subfield code="c">U410</subfield>
    <subfield code="d">Dimensioni: 2,2 x 3</subfield>
    <subfield code="f">LANCE</subfield>
    <subfield code="g">1593</subfield>
  </datafield>
  <datafield tag="921" ind1=" " ind2=" ">
    <subfield code="a">IT\ICCU\CNCM\001490</subfield>
    <subfield code="b">Tre lance in palo unite da un nastro. In cornice figurata</subfield>
    <subfield code="c">U411</subfield>
    <subfield code="d">Dimensioni: 6,5 x 9</subfield>
    <subfield code="f">LANCE</subfield>
    <subfield code="g">1586-1593</subfield>
  </datafield>
</record>
</collection>
